<?xml version="1.0" encoding="UTF-8"?><collection xmlns="http://www.loc.gov/MARC21/slim"><record><leader>00545nam--2200181-i-4500</leader><controlfield tag="001">000038246</controlfield><controlfield tag="002">20161230</controlfield><controlfield tag="005">20161230201041</controlfield><controlfield tag="008">060222s1000------------r-----000-0-fre-d</controlfield><datafield ind1=" " ind2=" " tag="040"><subfield code="a">IFIN-HH</subfield></datafield><datafield ind1=" " ind2=" " tag="041"><subfield code="a">fre</subfield></datafield><datafield ind1=" " ind2=" " tag="080"><subfield code="a">539.186.2:015:539.124.172</subfield></datafield><datafield ind1="1" ind2=" " tag="100"><subfield code="a">Reinhardt, Jean</subfield></datafield><datafield ind1="1" ind2="0" tag="245"><subfield code="a">Sur la diffusion inelastique d`electrons de basse energie (0-50 ev) par quelques atomes et molecules</subfield><subfield code="b">These</subfield><subfield code="c">Jean reinhardt</subfield></datafield><datafield ind1=" " ind2=" " tag="260"><subfield code="a">Paris</subfield><subfield code="b">Universite De Paris</subfield><subfield code="c">1972</subfield></datafield><datafield ind1=" " ind2=" " tag="300"><subfield code="a">136P</subfield></datafield><datafield ind1=" " ind2=" " tag="852"><subfield code="a">38217</subfield><subfield code="c">539.12</subfield></datafield><datafield ind1=" " ind2=" " tag="CAT"><subfield code="a">Sys</subfield><subfield code="c">20111123</subfield><subfield code="h">101734</subfield></datafield></record></collection>